<?xml version="1.0" encoding="UTF-8"?><collection xmlns="http://www.loc.gov/MARC21/slim"><record><leader>00440nam--2200133-i-4500</leader><controlfield tag="001">000039011</controlfield><controlfield tag="002">20161230</controlfield><controlfield tag="005">20161230201042</controlfield><controlfield tag="008">060222s1000------------r-----000-0-eng-d</controlfield><datafield ind1=" " ind2=" " tag="080"><subfield code="a">621.039.524.4:621.039.58(043)</subfield></datafield><datafield ind1=" " ind2=" " tag="100"><subfield code="a">Reviglio, Christiane</subfield></datafield><datafield ind1=" " ind2=" " tag="245"><subfield code="a">Interpretation des essais ersec sur le refroidissement de secours des reacteurs a eau pressurisse, au moyen du code flira. these</subfield></datafield><datafield ind1=" " ind2=" " tag="260"><subfield code="a">Paris, Univ., 1977, 112p</subfield></datafield><datafield ind1=" " ind2=" " tag="852"><subfield code="a">48409</subfield></datafield></record></collection>